<mx:record xmlns="http://www.w3.org/TR/xhtml1/strict" xmlns:mx="http://www.loc.gov/MARC21/slim" xmlns:xsi="http://www.w3.org/2001/XMLSchema-instance"><mx:leader>00000nz   2200000n  0000</mx:leader><mx:controlfield tag="001">oca03906180 </mx:controlfield><mx:controlfield tag="005">19950825052728.4</mx:controlfield><mx:controlfield tag="008">950823n| acannaab|          |a aaa     c</mx:controlfield><mx:datafield ind1=" " ind2=" " tag="010"><mx:subfield code="a">nr 95031002</mx:subfield></mx:datafield><mx:datafield ind1=" " ind2=" " tag="040"><mx:subfield code="a">NNC</mx:subfield><mx:subfield code="c">NNC</mx:subfield></mx:datafield><mx:datafield ind1="1" ind2=" " tag="100"><mx:subfield code="a">Pomponius, L.</mx:subfield><mx:subfield code="q">(Lucius),</mx:subfield><mx:subfield code="c">Bononiensis,</mx:subfield><mx:subfield code="d">fl. 100-85 B.C.</mx:subfield></mx:datafield><mx:datafield ind1="1" ind2=" " tag="400"><mx:subfield code="a">Pomponius, Lucius,</mx:subfield><mx:subfield code="c">Bononiensis,</mx:subfield><mx:subfield code="d">fl. 100-85 B.C.</mx:subfield></mx:datafield><mx:datafield ind1="0" ind2=" " tag="400"><mx:subfield code="a">Pomponius Bononiensis,</mx:subfield><mx:subfield code="d">fl. 100-85 B.C.</mx:subfield></mx:datafield><mx:datafield ind1="0" ind2=" " tag="400"><mx:subfield code="a">L. Pomponius Bononiensis</mx:subfield><mx:subfield code="q">(Lucius Pomponius Bononiensis),</mx:subfield><mx:subfield code="d">fl. 100-85 B.C.</mx:subfield></mx:datafield><mx:datafield ind1=" " ind2=" " tag="670"><mx:subfield code="a">His Atellanae [CF] 1991:</mx:subfield><mx:subfield code="b">PHI CD ROM #5.3, Latin Canon, bibliographic screen (L. Pomponius Bononiensis)</mx:subfield></mx:datafield><mx:datafield ind1=" " ind2=" " tag="670"><mx:subfield code="a">Pauly-Wissowa:</mx:subfield><mx:subfield code="b">42. Halbbd., col. 2354-2356; &amp;#034;Pomponius&amp;#034;, #101 (L. Pomponius; from Bononia; creator of atellanae fabulae; lived 89 B.C., according to Jerome)</mx:subfield></mx:datafield><mx:datafield ind1=" " ind2=" " tag="670"><mx:subfield code="a">Oxford class. dict., 1st ed.:</mx:subfield><mx:subfield code="b">p. 517 (Pomponius Bononiensis; fl. ca. 100-85 B.C.; Latin poet, older contemporary of Novius)</mx:subfield></mx:datafield><mx:datafield ind1=" " ind2=" " tag="670"><mx:subfield code="a">NUC pre-56:</mx:subfield><mx:subfield code="b">v. 464, p. 631 (Pomponius, Lucius, Bononiensis, fl. 89 B.C.)</mx:subfield></mx:datafield><mx:datafield ind1=" " ind2=" " tag="670"><mx:subfield code="a">Dict. of Greek and Roman biog. and mythology, 1967:</mx:subfield><mx:subfield code="b">v. 2, p. 494 (L. Pomponius Bononiensis; most celebrated writer of fabulae atellanae; a native of Bononia (Bologna); flourished 91 B.C. according to Eusebius)</mx:subfield></mx:datafield></mx:record>